<?xml version="1.0" encoding="UTF-8"?><record xmlns="http://www.loc.gov/MARC21/slim" xmlns:cinclude="http://apache.org/cocoon/include/1.0" xmlns:zs="http://www.loc.gov/zing/srw/">
  <leader>00498cz  a2200133n  4500</leader>
  <controlfield tag="001">n  84028010 </controlfield>
  <controlfield tag="003">DLC</controlfield>
  <controlfield tag="005">20021001100639.0</controlfield>
  <controlfield tag="008">840419n| acannaab           |a aaa      </controlfield>
  <datafield tag="010" ind1=" " ind2=" ">
    <subfield code="a">n  84028010 </subfield>
  </datafield>
  <datafield tag="040" ind1=" " ind2=" ">
    <subfield code="a">DLC</subfield>
    <subfield code="c">DLC</subfield>
    <subfield code="d">DLC</subfield>
  </datafield>
  <datafield tag="100" ind1="1" ind2=" ">
    <subfield code="a">Wilson, Joy,</subfield>
    <subfield code="d">1930-</subfield>
  </datafield>
  <datafield tag="400" ind1="1" ind2=" ">
    <subfield code="a">Sellers, Joy Marie,</subfield>
    <subfield code="d">1930-</subfield>
  </datafield>
  <datafield tag="670" ind1=" " ind2=" ">
    <subfield code="a">Her One hundred and fifty years of the Sellers family, 1980?:</subfield>
    <subfield code="b">t.p. (Joy Wilson) p. 116, etc. (Joy Marie Sellers Wilson; b. 9/8/30, Lanham Community, Tex.; Joy Sellers Wilson; Joy Marie Sellers)</subfield>
  </datafield>
</record>